<record><leader>00000cas a22000007a 4500</leader><controlfield tag="001">13918775</controlfield><controlfield tag="008">860723d19171923utuwr ne      0    0eng d</controlfield><datafield ind1=" " ind2=" " tag="010"><subfield code="a">sn 86091400 </subfield></datafield><datafield ind1=" " ind2=" " tag="040"><subfield code="a">UNP</subfield><subfield code="b">eng</subfield><subfield code="c">UNP</subfield><subfield code="d">OCLCQ</subfield></datafield><datafield ind1=" " ind2=" " tag="042"><subfield code="a">msc</subfield></datafield><datafield ind1="0" ind2=" " tag="130"><subfield code="a">Grantsville news (Grantsville, Utah)</subfield></datafield><datafield ind1="1" ind2="4" tag="245"><subfield code="a">The Grantsville news.</subfield></datafield><datafield ind1=" " ind2=" " tag="260"><subfield code="a">Grantsville, Utah :</subfield><subfield code="b">Bulletin Print. Co.</subfield></datafield><datafield ind1=" " ind2=" " tag="300"><subfield code="a">v. :</subfield><subfield code="b">ill. ;</subfield><subfield code="c">52-56 cm.</subfield></datafield><datafield ind1=" " ind2=" " tag="310"><subfield code="a">Weekly</subfield></datafield><datafield ind1="1" ind2=" " tag="362"><subfield code="a">Began in 1917; ceased in 1923.</subfield><subfield code="z">Cf. Alter, J.C. Early Utah journalism.</subfield></datafield><datafield ind1=" " ind2=" " tag="588"><subfield code="a">Description based on: Vol. 1, no. 19 (July 6, 1917).</subfield></datafield><datafield ind1=" " ind2=" " tag="752"><subfield code="a">United States</subfield><subfield code="b">Utah</subfield><subfield code="c">Tooele</subfield><subfield code="d">Grantsville.</subfield></datafield><datafield ind1="0" ind2="0" tag="780"><subfield code="t">Grantsville reflex</subfield><subfield code="w">(DLC)sn 86091453</subfield><subfield code="w">(OCoLC)13505360</subfield></datafield></record>